@misc{plummer2011,
author = {Plummer, Martyn},
pages = {0--39},
title = {{JAGS Version 3.1.0 user manual}},
url = {http://sourceforge.net/projects/mcmc-jags/},
year = {2010}
}

@article{lebauer2012ffb,
author = {LeBauer, David and Wang, Dan and Richter, Katie and Davidson, Carl and Dietze, Michael C.},
doi = {10.1890/12-0137.1},
issn = {0012-9615},
journal = {Ecological Monographs},
title = {{Facilitating feedbacks between field measurements and ecosystem models}},
year = {2012}
}
